<record xmlns:xsi="http://www.w3.org/2001/XMLSchema-instance" xmlns="http://www.loc.gov/MARC21/slim" xsi:schemaLocation="http://www.loc.gov/MARC21/slim http://www.loc.gov/standards/marcxml/schema/MARC21slim.xsd">

  <leader>00736nam a2200217Ia 4500</leader>
  <controlfield tag="008">150820b2005    s  ||||| |||| 00| | spa d</controlfield>
  <datafield tag="020" ind1=" " ind2=" ">
    <subfield code="a">8472337479</subfield>
  </datafield>
  <datafield tag="090" ind1=" " ind2=" ">
    <subfield code="a">18.08.01 </subfield>
    <subfield code="b">202</subfield>
  </datafield>
  <datafield tag="100" ind2=" " ind1="1">
    <subfield code="a">Gaviria Soto, José Luis</subfield>
    <subfield code="9">900</subfield>
  </datafield>
  <datafield tag="245" ind1="1" ind2="0">
    <subfield code="a">Modelos jerárquicos lineales / </subfield>
    <subfield code="c">José Luis Gaviria Soto; María Castro Morera</subfield>
  </datafield>
  <datafield ind1=" " ind2=" " tag="260">
    <subfield code="a">España : </subfield>
    <subfield code="b">Editorial la muralla, </subfield>
    <subfield code="c">2005</subfield>
  </datafield>
  <datafield tag="300" ind2=" " ind1=" ">
    <subfield code="a">134 páginas</subfield>
  </datafield>
  <datafield tag="490" ind2=" " ind1=" ">
    <subfield code="a">Cuadernos de estadística, no.29</subfield>
  </datafield>
  <datafield tag="650" ind2="4" ind1="1">
    <subfield code="a">MODELOS MATEMÁTICOS </subfield>
    <subfield code="9">901</subfield>
  </datafield>
  <datafield ind1="1" ind2="4" tag="650">
    <subfield code="a">ANÁLISIS ESTADÍSTICO </subfield>
    <subfield code="9">902</subfield>
  </datafield>
  <datafield tag="650" ind1="1" ind2="4">
    <subfield code="a">ANÁLISIS DE DATOS </subfield>
    <subfield code="9">903</subfield>
  </datafield>
  <datafield tag="650" ind1="1" ind2="4">
    <subfield code="a">MÉTODOS DE INVESTIGACIÓN </subfield>
    <subfield code="9">288</subfield>
  </datafield>
  <datafield ind2="4" ind1="1" tag="650">
    <subfield code="a">MLWIN (PROGRAMAS DE COMPUTADORA)</subfield>
    <subfield code="9">904</subfield>
  </datafield>
  <datafield tag="700" ind2=" " ind1=" ">
    <subfield code="a">Castro Morera, María</subfield>
    <subfield code="9">905</subfield>
  </datafield>
  <datafield tag="942" ind2=" " ind1=" ">
    <subfield code="2">z</subfield>
    <subfield code="c">01</subfield>
  </datafield>
  <datafield tag="999" ind1=" " ind2=" ">
    <subfield code="c">231</subfield>
    <subfield code="d">231</subfield>
  </datafield>
</record>